@article{bouzalmat2014comparative,
	title={Comparative study of PCA, ICA, LDA using SVM classifier},
	author={Bouzalmat, Anissa and Kharroubi, Jamal and Zarghili, Arsalane},
	journal={Journal of Emerging Technologies in Web Intelligence},
	volume={6},
	number={1},
	pages={64--68},
	year={2014}
}

@inproceedings{spies2000face,
	title={Face recognition in Fourier space},
	author={Spies, Hagen and Ricketts, Ian},
	booktitle={Vision Interface},
	volume={2000},
	pages={38--44},
	year={2000}
}

@article{bouzalmat2011facial,
	title={Facial Face Recognition Method Using Fourier Transform Filters Gabor and R\_LDA},
	author={Bouzalmat, Anissa and Zarghili, Arsalane and Kharroubi, Jamal},
	journal={IJCA Special Issue on Intelligent Systems and Data Processing},
	pages={18--24},
	year={2011}
}

@inproceedings{dehai2013pca,
	title={A PCA-based Face Recognition Method by Applying Fast Fourier Transform in Pre-processing},
	author={Dehai, Zhang and Da, Ding and Jin, Li and Qing, Liu},
	booktitle={3rd International Conference on Multimedia Technology (ICMT-13)},
	year={2013},
	organization={Atlantis Press}
}

@inproceedings{samra2003face,
	title={Face recognition using wavelet transform, fast fourier transform and discrete cosine transform},
	author={Samra, Ahmed Shabaan and El Taweel Gad Allah, Salah Gad and Ibrahim, Rehab Mahmoud},
	booktitle={Circuits and Systems, 2003 IEEE 46th Midwest Symposium on},
	volume={1},
	pages={272--275},
	year={2003},
	organization={IEEE}
}

@incollection{sadeghi2010efficient,
	title={Efficient privacy-preserving face recognition},
	author={Sadeghi, Ahmad-Reza and Schneider, Thomas and Wehrenberg, Immo},
	booktitle={Information, Security and Cryptology--ICISC 2009},
	pages={229--244},
	year={2010},
	publisher={Springer}
}
@inproceedings{erkin2009privacy,
	title={Privacy-preserving face recognition},
	author={Erkin, Zekeriya and Franz, Martin and Guajardo, Jorge and Katzenbeisser, Stefan and Lagendijk, Inald and Toft, Tomas},
	booktitle={Privacy Enhancing Technologies},
	pages={235--253},
	year={2009},
	organization={Springer}
}
@article{bowyer2004face,
	title={Face recognition technology: security versus privacy},
	author={Bowyer, Kevin W},
	journal={Technology and Society Magazine, IEEE},
	volume={23},
	number={1},
	pages={9--19},
	year={2004},
	publisher={IEEE}
}
@inproceedings{kevenaar2005face,
	title={Face recognition with renewable and privacy preserving binary templates},
	author={Kevenaar, Tom AM and Schrijen, Geert Jan and van der Veen, Michiel and Akkermans, Anton HM and Zuo, Fei},
	booktitle={Automatic Identification Advanced Technologies, 2005. Fourth IEEE Workshop on},
	pages={21--26},
	year={2005},
	organization={IEEE}
}